@inproceedings{santos2020skin,
  title={A skin lesion semi-supervised segmentation method},
  author={Santos, Elineide and Veras, Rodrigo and Miguel, Helano and Aires, Kelson and Claro, Maila Lima and Junior, Geraldo Braz},
  booktitle={2020 International Conference on Systems, Signals and Image Processing (IWSSIP)},
  pages={33--38},
  year={2020},
  organization={IEEE}
}
@misc{dullRazorRepo,
  title={Dullrazor-algorithm},
  author={ Javier Velasquez },
  year={2021},
  publisher={github},
  url={\url{https://github.com/BlueDokk/Dullrazor-algorithm}},
  alturl={\url{https://web.archive.org/web/20230103225459/https://github.com/BlueDokk/Dullrazor-algorithm}},
  commit={8d4530182b8b3b0fc413bee84850f34d90aa4027}
}
@article{otsu1979threshold,
  title={A threshold selection method from gray-level histograms},
  author={Otsu, Nobuyuki},
  journal={IEEE transactions on systems, man, and cybernetics},
  volume={9},
  number={1},
  pages={62--66},
  year={1979},
  publisher={IEEE}
}